<record><leader>02720cam a2200409 i 4500</leader><controlfield tag="001">6712214</controlfield><controlfield tag="003">FlBoTFG</controlfield><controlfield tag="005">20141020104122.0</controlfield><controlfield tag="006">m    |o  d |      </controlfield><controlfield tag="007">cr |||</controlfield><controlfield tag="008">141020t20152015fluad   ob    001 0 eng d</controlfield><datafield ind1=" " ind2=" " tag="020"><subfield code="a">9781482220568 (e-book : PDF)</subfield></datafield><datafield ind1=" " ind2=" " tag="035"><subfield code="a">ocn893977445</subfield></datafield><datafield ind1=" " ind2=" " tag="039"><subfield code="a">exclude</subfield></datafield><datafield ind1=" " ind2=" " tag="040"><subfield code="a">FlBoTFG</subfield><subfield code="b">eng</subfield><subfield code="c">FlBoTFG</subfield><subfield code="e">rda</subfield><subfield code="d">AEU</subfield></datafield><datafield ind1=" " ind2="4" tag="050"><subfield code="a">TP156.S45</subfield><subfield code="b">A365 2015</subfield></datafield><datafield ind1=" " ind2=" " tag="090"><subfield code="a">Internet Access</subfield><subfield code="b">AEU</subfield></datafield><datafield ind1="0" ind2="0" tag="245"><subfield code="a">Advanced separations by specialized sorbents /</subfield><subfield code="c">edited by Ecaterina Stela Dragan.</subfield></datafield><datafield ind1=" " ind2="1" tag="264"><subfield code="a">Boca Raton :</subfield><subfield code="b">Taylor &amp; Francis,</subfield><subfield code="c">[2015]</subfield></datafield><datafield ind1=" " ind2="4" tag="264"><subfield code="c">&#169;2015</subfield></datafield><datafield ind1=" " ind2=" " tag="300"><subfield code="a">1 online resource.</subfield></datafield><datafield ind1=" " ind2=" " tag="336"><subfield code="a">text</subfield><subfield code="2">rdacontent</subfield></datafield><datafield ind1=" " ind2=" " tag="337"><subfield code="a">computer</subfield><subfield code="2">rdamedia</subfield></datafield><datafield ind1=" " ind2=" " tag="338"><subfield code="a">online resource</subfield><subfield code="2">rdacarrier</subfield></datafield><datafield ind1="1" ind2=" " tag="490"><subfield code="a">Chromatographic science series ;</subfield><subfield code="v">volume 108</subfield></datafield><datafield ind1=" " ind2=" " tag="500"><subfield code="a">"A CRC title."</subfield></datafield><datafield ind1=" " ind2=" " tag="504"><subfield code="a">Includes bibliographical references and index.</subfield></datafield><datafield ind1="0" ind2=" " tag="505"><subfield code="a">Composite hydrogel materials / S. Kudaibergenov [and four others] -- Cryogels for affinity chromatography / Nilay Bereli [and four others] -- Particulate/cell separations using macroporous monolithic matrices / Akshay Srivastava, Akhilesh Kumar Shakya, and Ashok Kumar -- Polysaccharide-based composite hydrogels for removal of pollutants from water / Junping Zhang and Aiqin Wang -- Iron oxide magnetic composite adsorbents for heavy metal pollutant removal / Doina Hritcu, Gianina Dodi, and Marcel Ionel Popa -- Biopolymer-zeolite composites as biosorbents for separation processes / Maria Valentina Dinu and Ecaterina Stela Dragan -- Metal-impregnated ion exchanger for selective removal and recovery of trace phosphate / Sukalyan Sengupta and Arup K. SenGupta -- Molecularly imprinted polymers for water polishing / Joanna Wolska and Marek Bryjak -- Biopolymer-based sorbents for metal sorption / Eric Guibal, Thierry Vincent, and Ricardo Navarro -- Mixed-mode sorbents in solid-phase extraction / N. Fontanals, F. Borrull, and Rosa Maria Marc&#233; -- Interpenetrating polymer network composite hydrogels and their applications in separation processes / Ecaterina Stela Dragan and Maria Valentina Dinu -- Toward adaptive self-informed membranes / Ioana Moleavin and Mihail Barboiu.</subfield></datafield><datafield ind1=" " ind2=" " tag="506"><subfield code="a">Access restricted to authorized users and institutions.</subfield></datafield><datafield ind1=" " ind2=" " tag="596"><subfield code="a">44</subfield></datafield><datafield ind1=" " ind2="0" tag="650"><subfield code="a">Separation (Technology)</subfield></datafield><datafield ind1=" " ind2="0" tag="650"><subfield code="a">Sorbents.</subfield></datafield><datafield ind1="1" ind2=" " tag="700"><subfield code="a">Dragan, Ecaterina Stela,</subfield><subfield code="e">editor.</subfield></datafield><datafield ind1=" " ind2="0" tag="830"><subfield code="a">Chromatographic science ;</subfield><subfield code="v">v. 108.</subfield></datafield><datafield ind1="4" ind2="0" tag="856"><subfield code="3">University of Alberta Access</subfield><subfield code="u">http://marc.crcnetbase.com/isbn/9781482220568</subfield><subfield code="z">(Unlimited Concurrent Users)</subfield></datafield><datafield ind1=" " ind2=" " tag="949"><subfield code="h">UAIN</subfield><subfield code="z">CRC</subfield></datafield><datafield ind1=" " ind2=" " tag="926"><subfield code="a">Internet Access</subfield><subfield code="w">LC</subfield><subfield code="c">1</subfield><subfield code="i">6712214-1001</subfield><subfield code="l">INTERNET</subfield><subfield code="m">UAINTERNET</subfield><subfield code="r">Y</subfield><subfield code="s">Y</subfield><subfield code="t">E-RESOURCE</subfield><subfield code="u">10/27/2014</subfield><subfield code="x">E-BOOK</subfield><subfield code="z">CRC</subfield></datafield></record>